@other{awslambdadocs,
	title={AWS Lambda Documentation},
	author={Amazon},
	note={URL: \url{https://docs.aws.amazon.com/lambda/latest/dg/scaling.html}}
}

@inproceedings{petrie2004tension,
	title={Tension, what tension?: Website accessibility and visual design},
	author={Petrie, Helen and Hamilton, Fraser and King, Neil},
	booktitle={Proceedings of the 2004 international cross-disciplinary workshop on Web accessibility (W4A)},
	pages={13--18},
	year={2004},
	organization={ACM}
}

@other{awsp2instancedocs,
	title={AWS EC2 P2 Instances Documentation},
	author={Amazon},
	note={Available at: \url{https://aws.amazon.com/ec2/instance-types/p2/} (Accessed 01/05/19)}
}

@techreport{burdick2011advanced,
	title={Advanced Strategy Guideline. Air Distribution Basics and Duct Design},
	author={Burdick, Arlan},
	year={2011},
	institution={IBACOS}
}

